%% Journal article
@article{yang2023efficacy,
  title={Efficacy of SARS-CoV-2 vaccines and the dose--response relationship with three major antibodies: a systematic review and meta-analysis of randomised controlled trials},
  author={Yang, Zhi-Rong and Jiang, Yi-Wen and Li, Fu-Xiao and Liu, Di and Lin, Teng-Fei and Zhao, Zi-Yi and Wei, Chang and Jin, Qian-Yi and Li, Xi-Miao and Jia, Yuan-Xi and others},
  journal={The Lancet Microbe},
  year={2023},
  publisher={Elsevier}
}

@article{wu2022long,
  title={Long-Term Effectiveness of COVID-19 Vaccines Against Infections, Hospitalizations, and Mortality in Adults: Findings from a Rapid Living Systematic Evidence Synthesis and Meta-Analysis Up to August 2022},
  author={Wu, Nana and Joyal-Desmarais, Keven and Ribeiro, Paula and Marques Vieira, Ariany and Stojanovic, Jovana and Sanuade, Comfort and Yip, Doro and Bacon, Simon},
  journal={Hospitalizations, and Mortality in Adults: Findings from a Rapid Living Systematic Evidence Synthesis and Meta-Analysis Up to August},
  year={2022}
}

@article{smid2022protection,
  title={Protection by vaccines and previous infection against the omicron variant of severe acute respiratory syndrome coronavirus 2},
  author={{\v{S}}m{\'\i}d, Martin and Berec, Lud{\v{e}}k and P{\v{r}}ibylov{\'a}, Lenka and M{\'a}jek, Ond{\v{r}}ej and Pavl{\'\i}k, Tom{\'a}{\v{s}} and Jarkovsk{\`y}, Ji{\v{r}}{\'\i} and Weiner, Jakub and Barusov{\'a}, Tamara and Trnka, Jan},
  journal={The Journal of infectious diseases},
  volume={226},
  number={8},
  pages={1385--1390},
  year={2022},
  publisher={Oxford University Press}
}

@misc{ECDC_var_concern,
author = {ECDC},
title = {{SARS-CoV-2} variants of concern},
year = {2022},
howpublished = {\url{https://www.ecdc.europa.eu/en/covid-19/variants-concern}},
note = {Accessed: 2022-02-20},
}

@article{mizrahi2023long,
  title={Long covid outcomes at one year after mild SARS-CoV-2 infection: nationwide cohort study},
  author={Mizrahi, Barak and Sudry, Tamar and Flaks-Manov, Natalie and Yehezkelli, Yoav and Kalkstein, Nir and Akiva, Pinchas and Ekka-Zohar, Anat and David, Shirley Shapiro Ben and Lerner, Uri and Bivas-Benita, Maytal and others},
  journal={bmj},
  volume={380},
  year={2023},
  publisher={British Medical Journal Publishing Group}
}

@article{al2022long,
  title={Long COVID after breakthrough SARS-CoV-2 infection},
  author={Al-Aly, Ziyad and Bowe, Benjamin and Xie, Yan},
  journal={Nature medicine},
  volume={28},
  number={7},
  pages={1461--1467},
  year={2022},
  publisher={Nature Publishing Group US New York}
}

@article{tsampasian2023risk,
  title={Risk Factors Associated With Post- COVID-19 Condition: A Systematic Review and Meta-analysis},
  author={Tsampasian, Vasiliki and Elghazaly, Hussein and Chattopadhyay, Rahul and Debski, Maciej and Naing, Thin Kyi Phyu and Garg, Pankaj and Clark, Allan and Ntatsaki, Eleana and Vassiliou, Vassilios S},
  journal={JAMA Internal Medicine},
  year={2023}
}
